
@book{detec1,
   title =     {Measurement and Detection of Radiation, Fourth Edition},
   author =    {Landsberger, Sheldon and Tsoulfanidis, Nicholas},
   publisher = {CRC Press},
   isbn =      {9781482215489; 1482215489},
   year =      {2015},
   edition =   {4th ed},
   url =       {libgen.li/file.php?md5=bf0afb11cf4758bf89ebd84cbf7f5d17}}

@Misc{cyclo,
    Author  = {Samuel J. Ling and William Moebs and Jeff Sanny},
    howpublished = {{https://openstax.org/details/books/university-physics-volume-2}},
    Title   = "{{University Physics}}",
    year    = 2016}
@Misc{fdg_f18,
    Author  = {Muhammad A. Ashraf and Amandeep Goyal},
    howpublished = {{https://www.ncbi.nlm.nih.gov/books/NBK557653/}},
    Title   = "{{Fludeoxyglucose (18F)}}",
    year    = 2021}



@Misc{range_posi,
    Author  = {L. M. Carter and Adam Leon Kesner and E. C. Pratt and V. A. Sanders and A. V. F. Massicano and C. S. Cutler and S. E. Lapi and and Jason S. Lewis},
    howpublished = {\url{https://www.ncbi.nlm.nih.gov/pmc/articles/PMC6805144/}},
    Title   = "{{The Impact of Positron Range on PET Resolution, Evaluated with Phantoms and PHITS Monte Carlo Simulations for Conventional and Non-conventional Radionuclides}}",
    year    = 2020}

@book{cherry,
   title =     {{Physics in Nuclear Medicine: Expert Consult - Online and Print}},
   author =    {Simon R. Cherry and James A. Sorenson and Michael E. Phelps},
   publisher = {Saunders},
   isbn =      {1416051988; 9781416051985},
   year =      {2012},
   edition =   {4},
   url =       {libgen.li/file.php?md5=01c69143d21f7b28600494bcb739c29e}}
@incollection{SUV3,
title = {Chapter 80 - Quantification of Radiotracer Uptake Into Tissue},
editor = {Brian D. Ross and Sanjiv Sam Gambhir},
booktitle = {Molecular Imaging (Second Edition)},
publisher = {Academic Press},
edition = {Second Edition},
pages = {1613-1624},
year = {2021},
isbn = {978-0-12-816386-3},
doi = {https://doi.org/10.1016/B978-0-12-816386-3.00046-6},
url = {https://www.sciencedirect.com/science/article/pii/B9780128163863000466},
author = {Michael M. Graham}
}

@article{SUV2,
title = {Positron Emission Tomography-Computed Tomography Standardized Uptake Values in Clinical Practice and Assessing Response to Therapy},
journal = {Seminars in Ultrasound, CT and MRI},
volume = {31},
number = {6},
pages = {496-505},
year = {2010},
note = {PET-CT in RT Planning and Assessment},
issn = {0887-2171},
doi = {https://doi.org/10.1053/j.sult.2010.10.001},
url = {https://www.sciencedirect.com/science/article/pii/S0887217110000880},
author = {Paul E. Kinahan and James W. Fletcher}
}
@incollection{SUV1,
title = {Approach to Interpretation},
author = {Paige Bennett and Akiva Mintz and Brad Perry and Andrew T. Trout and Paula Vergara-Wentland},
booktitle = {Specialty Imaging: PET},
publisher = {Elsevier},
pages = {8-13},
year = {2018},
series = {Specialty Imaging},
isbn = {978-0-323-52484-1},
doi = {https://doi.org/10.1016/B978-0-323-52484-1.50010-8},
url = {https://www.sciencedirect.com/science/article/pii/B9780323524841500108}
}
@article{app56,
title = {Clinical Applications of PET and PET-CT},
journal = {Medical Journal Armed Forces India},
volume = {65},
number = {4},
pages = {353-358},
year = {2009},
issn = {0377-1237},
doi = {https://doi.org/10.1016/S0377-1237(09)80099-3},
url = {https://www.sciencedirect.com/science/article/pii/S0377123709800993},
author = {SS Anand and H Singh and AK Dash}}
}
@book{app34,
   title =     {Clinical Applications of SPECT-CT},
   author =    {Hojjat Ahmadzadehfar and Hans-Jürgen Biersack and Ken Herrmann},
   publisher = {Springer},
   isbn =      {303065849X; 9783030658496},
   year =      {2022},
   edition =   {2nd ed. 2022},
   url =       {libgen.li/file.php?md5=152b7f81a49030bb36beedc466cc28ee}}
@article{app2,
   title = {{Exactitud diagnóstica de la gammagrafía de perfusión miocárdica en una población femenina con sospecha de cardiopatía isquémica}},
   journal = {{Revista Colombiana de Cardiología}},
   author={Pérez-Iruela, Juan A and Pastor, Purificación and Lumbreras, Luis and Ortega, Paloma nad Astasio, Paloma and Puentes, M. Carmen},
   ISSN = {0120-5633},
   language = {es},
   URL = {http://www.scielo.org.co/scielo.php?script=sci_arttext&pid=S0120-56332009000600002&nrm=iso},
   volume = {16},
   year = {2009},
   month = {12},
   pages = {232 - 238},
   publisher = {scieloco},
   }
@Misc{app1,
    Author  = {{Daylín} {Hernández-Falcón} and {Luis Oscar} {Marrero Riverón} and {Oscar E.} {Ledea Lozano} },
    howpublished = {\url{http://scielo.sld.cu/pdf/ort/v26n2/ort10212.pdf}},
    Title   = "{{Empleo de la medicina nuclear y las técnicas de imágenes en las afecciones del sistema óseo}}",
    year    = 2012}

@Misc{IM,
    Author  = {{Paola Jazmín} {Guadarrama-Huerta} and Jimena {Ciros-Ortíz}},
    howpublished = {\url{https://classroom.google.com/u/1/c/NDY4NzkwMjc4Nzk5}},
    Title   = "{{Material de apoyo Imagenología Biomédica}}",
    year    = 2022}
