@book{edwin,
   title =     {The Essential Physics of Medical Imaging (2nd Edition)},
   author =    {Jerrold T. Bushberg and J. Anthony Seibert  and Edwin M. Leidholdt Jr. and John M. Boone},
   isbn =      {0683301187; 9780683301182},
   year =      {2001},
   publisher = {Wolters Kluwer Health/Lippincott Williams \& Wilkins},
   edition =   {2},
   url =       {libgen.li/file.php?md5=21d85c638647539fac97c26ef6604fae}}
@book{alpen,
   title =     {Radiation biophysics},
   author =    {Edward L Alpen},
   publisher = {Academic Press},
   isbn =      {0120530856; 9780120530854},
   year =      {1997},
   edition =   {2ed.},
   url =       {libgen.li/file.php?md5=34cd87b263d82049e986a0991d7984e7}}
@book{huda,
   title =     {Review of radiologic physics},
   author =    {Huda W. and Slone R.},
   url =       {libgen.li/file.php?md5=0ec60095ca640bda8b137108cbcaba02},
   edition = {4},
   publisher = {Lippincott Williams \& Wilkins},
   year =      {2019}}
@book{smith,
   title =     {Introduction to medical imaging: physics, engineering and clinical applications},
   author =    {Barrie Smith Nadine and Webb Andrew G},
   publisher = {Cambridge University Press},
   isbn =      {9780521190657; 0521190657},
   year =      {2012},
   series =    {Cambridge texts in biomedical engineering},
   edition =   {Repr},
   url =       {libgen.li/file.php?md5=68373ec892e2f900a1fb3828df50b7f0}}
@book{guy,
   title =     {An introduction to the principles of medical imaging},
   author =    {Chris Guy and Dominic Ffytche},
   publisher = {Imperial College Press; Distributed by World Scientific Pub},
   isbn =      {1860945023; 9781860945021; 9781860947469; 1860947468},
   year =      {2005},
   edition =   {Rev. ed},
   url =       {libgen.li/file.php?md5=25c9fb31c8dd1193a52b444f8917c1be}}
@book{bush,
   title =     {The Essential Physics of Medical Imaging},
   author =    {Jerrold T. Bushberg and J. Anthony Seibert and Edwin M. Leidholdt Jr. and John M. Boone},
   publisher = {LIPPINCOTT WILLIAMS \& WILKINS},
   isbn =      {9780781780575; 0781780578},
   year =      {2011},
   edition =   {3},
   url =       {libgen.li/file.php?md5=418c8e0f704604ca8250fb482a5a40db}
   }


@book{andre,
    author = "André Aurengo and Thierry Petitclerc", 
    year = 2008,
    title = "Biofísica",
    publisher = "{McGRAW-HILL}",
    edition = 3,
    address = "Madrid, España",
    language = {spanish}
    }

@book{hilger,
   title =     {The Physics of medical imaging},
   author =    {S. Webb},
   publisher = {Hilger},
   isbn =      {9780852743492,0852743491,0852743610},
   year =      {1988},
   series =    {Medical science series},
   edition =   {1},
   volume =    {},
   url =       {http://gen.lib.rus.ec/book/index.php?md5=c1cbfb27eb1442e12d88c49a4df8a94d}
}
@book{russ,
    author = "William R. Hendee and E. Russell Ritenour", 
    year = 2002,
    title = "MEDICAL IMAGING PHYSICS",
    publisher = "{Wiley-Liss, Inc}",
    edition = 4,
    address = "New York, NY",
    language = {spanish}
    }






@book{keeler,
   title =     {Understanding NMR Spectroscopy},
   author =    {James Keeler},
   publisher = {Wiley},
   isbn =      {0470017872; 9780470017876},
   year =      {2005},
   edition =   {1st edition},
   url =       {libgen.li/file.php?md5=f8b7fa7221956d42874781559d5bde0a}}





@book{tipler,
   title =     {Modern Physics},
   author =    {Paul A. Tipler, Ralph Llewellyn},
   publisher = {W. H. Freeman},
   isbn =      {142925078X; 9781429250788},
   year =      {2012},
   edition =   {6},
   url =       {libgen.li/file.php?md5=289578161afa03f1ca0a59a86e0a1dda}}



@Misc{espin1,
    Author  = {{MRI Questions}},
    howpublished = {\url{http://mriquestions.com/gyromagnetic-ratio-gamma.html}},
    Title   = "Gyromagnetic Ratio $\gamma$: What is the gyromagnetic ratio ($\gamma$)? ",
    year    = 2021}





@book{malcolm,
   title =     {Spin dynamics: basics of nuclear magnetic resonance},
   author =    {Malcolm H. Levitt},
   publisher = {Wiley},
   isbn =      {0470511184; 9780470511183; 9780470517123; 0470517123},
   year =      {2008},
   edition =   {2},
   url =       {libgen.li/file.php?md5=f4bfc3ddeeb93c63b427cafc248aa1d1}}
   
   @book{gs,
   title =     {Handbook of MRI Pulse Sequences},
   publisher = {ELSEVIER ACADEMIC PRESS },
   author =    {Matt A. Bernstein, Kevin F. King, Xiaohong Joe Zhou},
   isbn =      {0120928612; 9780120928613; 9780080533124; 0080533124},
   year =      {2004},
   edition =   {1},
   url =       {libgen.li/file.php?md5=f44aa010ec15c2fb0d0a67ddba34b3b7}}
   
   @book{atkins,
   title =     {Molecular Quantum Mechanics},
   author =    {Peter Atkins, Ronald Friedman},
   publisher = {Oxford University Press, USA},
   isbn =      {9780199274987; 0199274983},
   year =      {2005},
   edition =   {4},
   url =       {libgen.li/file.php?md5=13485ce4be2e7f938da7e6bb5f5b4635}}
@Misc{ns,
    Author  = {{LibreTexts}},
    howpublished = {\url{https://chem.libretexts.org/Bookshelves/Physical_and_Theoretical_Chemistry_Textbook_Maps/Supplemental_Modules_(Physical_and_Theoretical_Chemistry)/Spectroscopy/Magnetic_Resonance_Spectroscopies/Nuclear_Magnetic_Resonance/NMR_-_Theory}},
    Title   = {{NMR - Theory}},
    year    = 2020}

@Misc{espin,
    Author  = {{LibreTexts}},
    howpublished = {\url{https://espanol.libretexts.org/Quimica/Libro\%3A_Quimica_Organica_con_enfasis_Biologico_(Soderberg)/05\%3A_Determinacion_de_estructura_parte_ll/5.1\%3A_El_origen_de_la_se\%C3\%B1al_NMR}},
    Title   = {{El origen de la señal NMR}},
    year    = 2020}

@book{krane,
   title =     {Introductory nuclear physics},
   author =    {Kenneth S. Krane},
   publisher = {Wiley},
   isbn =      {047180553X; 9780471805533},
   year =      {1987},
   series =    {Wiley International Editions},
   edition =   {1},
   url =       {libgen.li/file.php?md5=01ef77390c4f90ac8c32b5bab2fefc4c}}


@book{irm,
   title =     {Monografía SERAM: Aprendiendo los fundamentos de la resonancia magnética },
   author =    {{Sociedad Española de Radiología Médica}},
   publisher = {Editorial Médica Panamericana},
   isbn =      {8479038993; 9788479038991},
   year =      {2007},
   series =    {Monografías SERAM},
   url =       {libgen.li/file.php?md5=62e76c4582d66e6ae514e936fa013fba}}

@book{hore,
   title =     {Nuclear Magnetic Resonance},
   author =    {Peter John Hore},
   publisher = {Oxford University Press},
   isbn =      {9780198556824; 0198556829},
   year =      {1995},
   series =    {Oxford Chemistry Primers 32},
   url =       {libgen.li/file.php?md5=277ed8111451da034fc936f19e2901d6}}

@book{macomber,
   title =     {Complete Introduction to Nuclear Magnetic Resonance and NMR Spectroscopy},
   author =    {Roger S. Macomber},
   publisher = {Wiley-Interscience},
   isbn =      {0471157368; 9780471157366},
   year =      {1997},
   edition =   {1st},
   url =       {libgen.li/file.php?md5=239ca3d67095d90122e12838e68aa2cd}}






@Misc{VS,
    Author  = "Jhon Cores and Thomas G Caranasos and Ke Cheng",
    howpublished = {\url{https://www.researchgate.net/publication/279731327_Magnetically_Targeted_Stem_Cell_Delivery_for_Regenerative_Medicine}},
    Title   = "Magnetically Targeted Stem Cell Delivery for Regenerative Medicine",
    year    = 2015}

@Misc{efecto,
    Author  = "Marvin C. Ziskin",
    howpublished = {\url{https://pubs.rsna.org/doi/pdf/10.1148/radiographics.13.3.8316679}},
    Title   = "Fundamental Physics of Ultrasound and Its Propagation in Tissue",
    year    = 1993}



@Misc{wave,
    Author  = {{Encyclopædia Britannica}},
    howpublished = {\url{https://kids.britannica.com/students/assembly/view/53868}},
    Title   = "Waves",
    year    = 2021,
    language = {spanish}}



@book{ncrp,
    author = "NCRP", 
    year = 1983,
    title = "Biological effects of ultrasound : mechanisms and clinical implications",
    publisher = "{National Council on Radiation Protection and Measurements}",
    address = "Bethesda, MD",
    language = {spanish}
    }


@book{peter,
    author = "Peter Hoskins and Kevin Martin and Abigail Thrush", 
    year = 2010,
    title = "Diagnostic Ultrasound, Physics and Equipment",
    publisher = "{Cambridge University Press}",
    edition = 2,
    address = "New York",
    language = {spanish}
    }



    
    


@Article{kirstein,
    Author         = "Elliot M. Kirstein and Ahmed Elsheikh and Pinakin Gunvant",
    Title          = "Tonometry – Past, Present and Future",
    Note        = "See discussions, stats, and author profiles for this publication at: \url{https://www.researchgate.net/publication/221919419}",
    year           = 2011,
    language = {spanish}
    }

@Article{hennig,
    Author         = "Ewald M. Hennig",
    Title          = "Integration of commercial pressure measurement technologies",
    Journal        = "Academic Press",
    Volume         = 54,
    Pages          = "699--708",
    year           = 2019,
    language = {spanish}
    }


