@Misc{famus,
    Author  = {{Famus}},
    howpublished = {\url{http://famus.org.uk/modules/ultrasound-theory-module}},
    Title   = "{{Ultrasound Theory Module}}",
    year    = 2020}
@article{godau_berg_2013, 
place={Cambridge}, 
title={Fundamentals of transcranial B-mode sonography}, 
DOI={10.1017/CBO9781139088268.009}, 
booktitle={Neuroimaging of Sleep and Sleep Disorders}, 
journal={Cambridge University Press}, 
author={Godau, Jana and Berg, Daniela}, 
editor={Nofzinger, Eric and Maquet, Pierre and Thorpy, Michael J.Editors}, 
year={2013}, 
pages={57--61}}

@Misc{radiokey1,
    Author  = {{RadiologyKey}},
    howpublished = {\url{https://radiologykey.com/vascular-ultrasonography-physics-instrumentation-and-clinical-techniques/#bib1}},
    Title   = "{{Vascular Ultrasonography: Physics, Instrumentation, and Clinical Techniques}}",
    year    = 2015}


@article{halliwell,
author = {M Halliwell},
title ={A tutorial on ultrasonic physics and imaging techniques},
journal = {Proceedings of the Institution of Mechanical Engineers, Part H: Journal of Engineering in Medicine},
volume = {224},
number = {2},
pages = {127-142},
year = {2010},
doi = {10.1243/09544119JEIM656},
    note ={PMID: 20349811},

URL = { 
        https://doi.org/10.1243/09544119JEIM656
    
},
eprint = { 
        https://doi.org/10.1243/09544119JEIM656
    
}
}
@book{thieme,
   title =     {Ultrasound},
   author =    {Guenter Schmidt},
   publisher = {Thieme Georg Verlag},
   isbn =      {3131427116; 9783131427113},
   year =      {2006},
   url =       {libgen.li/file.php?md5=c9890d9bea3feaa3d970ec500ea5d945}}
@article {kun,
	author = {Mok Kun Jeong and Sung Jae Kwon},
	title = {Side lobe free medical ultrasonic imaging with application to assessing side lobe suppression filter},
	volume = {8},
	number = {6},
	pages = {355--364},
	year = {2018},
	doi = {10.2967/jnumed.106.035774},
	publisher = {Biomedical engineering letters},
	issn = {0161-5505},
	URL = {https://www.ncbi.nlm.nih.gov/pmc/articles/PMC6209083/},
	journal = {Springer}
}
@book{russ,
    author = "William R. Hendee and E. Russell Ritenour", 
    year = 2002,
    title = "MEDICAL IMAGING PHYSICS",
    publisher = "{Wiley-Liss, Inc}",
    edition = 4,
    address = "New York, NY",
    language = {spanish}
    }
@book{ncrp,
   title =     {Biological effects of ultrasound : mechanisms and clinical implications},
   publisher = {The Council},
   isbn =      {3819835741; 9783819835742; 0913392642; 9780913392645},
   year =      {1983},
   series =    {NCRP report no. 74},
   url =       {libgen.li/file.php?md5=05d41f9cd69ac0fc483f25bc6f52fbe6}
    }
@book{haim,
   title =     {Basics of Biomedical Ultrasound for Engineers},
   author =    {Haim Azhari},
   isbn =      {0470465476; 9780470465479},
   year =      {2010},
   edition =   {1},
   url =       {libgen.li/file.php?md5=d7881e075df2eddef61d2978e2d7e6ec},
   publisher = {WILEY}}
@MISC{WHO,
	author = {Tole Nimrod and Ostensen Harald and {{World Health Organization. Diagnostic Imaging and Laboratory Technology Team}}},
	title = {{Basic physics of ultrasonic imaging / by Nimrod M. Tole ; Editor: Harald Ostensen}},
	year = {2005},
	pages = {95 p.},
	publisher = {World Health Organization}
}

@book{matthew,
   title =     {Basic Physics and Technology of Medical Diagnostic Ultrasound},
   author =    {Matthew Hussey},
   publisher = {Macmillan Education UK},
   isbn =      {9780333366059; 0333366050; 9781349177370; 1349177377},
   year =      {1985},
   url =       {libgen.li/file.php?md5=55fce78d820f2e3e685f709627b6efae}}

@Misc{IM,
    Author  = {{Lucía} {Medina-Gómez} and Jimena {Ciros-Ortíz}},
    howpublished = {\url{https://classroom.google.com/u/1/c/NDY4NzkwMjc4Nzk5}},
    Title   = "{{Material de apoyo Imagenología Biomédica}}",
    year    = 2022}


@Misc{cyclo,
    Author  = {Samuel J. Ling and William Moebs and Jeff Sanny},
    howpublished = {{https://openstax.org/details/books/university-physics-volume-2}},
    Title   = "{{University Physics}}",
    year    = 2016}
@Misc{fdg_f18,
    Author  = {Muhammad A. Ashraf and Amandeep Goyal},
    howpublished = {{https://www.ncbi.nlm.nih.gov/books/NBK557653/}},
    Title   = "{{Fludeoxyglucose (18F)}}",
    year    = 2021}

@article {PVE,
	author = {Soret, Marine and Bacharach, Stephen L. and Buvat, Ir{\`e}ne},
	title = {Partial-Volume Effect in PET Tumor Imaging},
	volume = {48},
	number = {6},
	pages = {932--945},
	year = {2007},
	doi = {10.2967/jnumed.106.035774},
	publisher = {Society of Nuclear Medicine},
	abstract = {PET has the invaluable advantage of being intrinsically quantitative, enabling accurate measurements of tracer concentrations in vivo. In PET tumor imaging, indices characterizing tumor uptake, such as standardized uptake values, are becoming increasingly important, especially in the context of monitoring the response to therapy. However, when tracer uptake in small tumors is measured, large biases can be introduced by the partial-volume effect (PVE). The purposes of this article are to explain what PVE is and to describe its consequences in PET tumor imaging. The parameters on which PVE depends are reviewed. Actions that can be taken to reduce the errors attributable to PVE are described. Various PVE correction schemes are presented, and their applicability to PET tumor imaging is discussed.},
	issn = {0161-5505},
	URL = {https://jnm.snmjournals.org/content/48/6/932},
	eprint = {https://jnm.snmjournals.org/content/48/6/932.full.pdf},
	journal = {Journal of Nuclear Medicine}
}


@Misc{range_posi,
    Author  = {L. M. Carter and Adam Leon Kesner and E. C. Pratt and V. A. Sanders and A. V. F. Massicano and C. S. Cutler and S. E. Lapi and and Jason S. Lewis},
    howpublished = {\url{https://www.ncbi.nlm.nih.gov/pmc/articles/PMC6805144/}},
    Title   = "{{The Impact of Positron Range on PET Resolution, Evaluated with Phantoms and PHITS Monte Carlo Simulations for Conventional and Non-conventional Radionuclides}}",
    year    = 2020}

@book{cherry,
   title =     {{Physics in Nuclear Medicine: Expert Consult - Online and Print}},
   author =    {Simon R. Cherry and James A. Sorenson and Michael E. Phelps},
   publisher = {Saunders},
   isbn =      {1416051988; 9781416051985},
   year =      {2012},
   edition =   {4},
   url =       {libgen.li/file.php?md5=01c69143d21f7b28600494bcb739c29e}}
@incollection{SUV3,
title = {Chapter 80 - Quantification of Radiotracer Uptake Into Tissue},
editor = {Brian D. Ross and Sanjiv Sam Gambhir},
booktitle = {Molecular Imaging (Second Edition)},
publisher = {Academic Press},
edition = {Second Edition},
pages = {1613-1624},
year = {2021},
isbn = {978-0-12-816386-3},
doi = {https://doi.org/10.1016/B978-0-12-816386-3.00046-6},
url = {https://www.sciencedirect.com/science/article/pii/B9780128163863000466},
author = {Michael M. Graham}
}

@article{SUV2,
title = {Positron Emission Tomography-Computed Tomography Standardized Uptake Values in Clinical Practice and Assessing Response to Therapy},
journal = {Seminars in Ultrasound, CT and MRI},
volume = {31},
number = {6},
pages = {496-505},
year = {2010},
note = {PET-CT in RT Planning and Assessment},
issn = {0887-2171},
doi = {https://doi.org/10.1053/j.sult.2010.10.001},
url = {https://www.sciencedirect.com/science/article/pii/S0887217110000880},
author = {Paul E. Kinahan and James W. Fletcher}
}
@incollection{SUV1,
title = {Approach to Interpretation},
author = {Paige Bennett and Akiva Mintz and Brad Perry and Andrew T. Trout and Paula Vergara-Wentland},
booktitle = {Specialty Imaging: PET},
publisher = {Elsevier},
pages = {8-13},
year = {2018},
series = {Specialty Imaging},
isbn = {978-0-323-52484-1},
doi = {https://doi.org/10.1016/B978-0-323-52484-1.50010-8},
url = {https://www.sciencedirect.com/science/article/pii/B9780323524841500108}
}
@article{app56,
title = {Clinical Applications of PET and PET-CT},
journal = {Medical Journal Armed Forces India},
volume = {65},
number = {4},
pages = {353-358},
year = {2009},
issn = {0377-1237},
doi = {https://doi.org/10.1016/S0377-1237(09)80099-3},
url = {https://www.sciencedirect.com/science/article/pii/S0377123709800993},
author = {SS Anand and H Singh and AK Dash}}
}
@book{app34,
   title =     {Clinical Applications of SPECT-CT},
   author =    {Hojjat Ahmadzadehfar and Hans-Jürgen Biersack and Ken Herrmann},
   publisher = {Springer},
   isbn =      {303065849X; 9783030658496},
   year =      {2022},
   edition =   {2nd ed. 2022},
   url =       {libgen.li/file.php?md5=152b7f81a49030bb36beedc466cc28ee}}
@article{app2,
   title = {{Exactitud diagnóstica de la gammagrafía de perfusión miocárdica en una población femenina con sospecha de cardiopatía isquémica}},
   journal = {{Revista Colombiana de Cardiología}},
   author={Pérez-Iruela, Juan A and Pastor, Purificación and Lumbreras, Luis and Ortega, Paloma nad Astasio, Paloma and Puentes, M. Carmen},
   ISSN = {0120-5633},
   language = {es},
   URL = {http://www.scielo.org.co/scielo.php?script=sci_arttext&pid=S0120-56332009000600002&nrm=iso},
   volume = {16},
   year = {2009},
   month = {12},
   pages = {232 - 238},
   publisher = {scieloco},
   }
@Misc{app1,
    Author  = {{Daylín} {Hernández-Falcón} and {Luis Oscar} {Marrero Riverón} and {Oscar E.} {Ledea Lozano} },
    howpublished = {\url{http://scielo.sld.cu/pdf/ort/v26n2/ort10212.pdf}},
    Title   = "{{Empleo de la medicina nuclear y las técnicas de imágenes en las afecciones del sistema óseo}}",
    year    = 2012}



@book{lois,
   title =     {Computed tomography for technologists : a comprehensive text},
   author =    {Romans, Lois E.},
   publisher = {Langara College},
   year =      {2015},
   url =       {libgen.li/file.php?md5=0646cefa84202ea4fe0660d915ebe3e5}}


@book{jerro,
   title =     {The essential physics of medical imaging},
   author =    {Jerrold T. Bushberg},
   publisher = {Wolters Kluwer Health/Lippincott Williams \& Wilkins},
   isbn =      {9780781780575; 0781780578},
   year =      {2012},
   edition =   {3},
   url =       {libgen.li/file.php?md5=3e40c453355e3c59e362f6edff11406d}}

@article{Flohr,
  title={CT Systems},
  author={Thomas G. Flohr},
  journal={Current Radiology Reports},
  year={2013},
  volume={1},
  pages={52-63}
}


@book{stewart,
   title =     {Radiologic Science for Technologists: Physics, Biology, and Protection},
   author =    {Stewart C. Bushong},
   publisher = {Mosby},
   isbn =      {0323353770; 9780323353779},
   year =      {2016},
   edition =   {11},
   url =       {libgen.li/file.php?md5=541c36dbaab260477d9239b0e914d0f8}}


@book{edwin,
   title =     {The Essential Physics of Medical Imaging (2nd Edition)},
   author =    {Jerrold T. Bushberg and J. Anthony Seibert  and Edwin M. Leidholdt Jr. and John M. Boone},
   isbn =      {0683301187; 9780683301182},
   year =      {2001},
   publisher = {Wolters Kluwer Health/Lippincott Williams \& Wilkins},
   edition =   {2},
   url =       {libgen.li/file.php?md5=21d85c638647539fac97c26ef6604fae}}
@book{alpen,
   title =     {Radiation biophysics},
   author =    {Edward L Alpen},
   publisher = {Academic Press},
   isbn =      {0120530856; 9780120530854},
   year =      {1997},
   edition =   {2ed.},
   url =       {libgen.li/file.php?md5=34cd87b263d82049e986a0991d7984e7}}
@book{huda,
   title =     {Review of radiologic physics},
   author =    {Huda W. and Slone R.},
   url =       {libgen.li/file.php?md5=0ec60095ca640bda8b137108cbcaba02},
   edition = {4},
   publisher = {Lippincott Williams \& Wilkins},
   year =      {2019}}
@book{smith,
   title =     {Introduction to medical imaging: physics, engineering and clinical applications},
   author =    {Barrie Smith Nadine and Webb Andrew},
   publisher = {Cambridge University Press},
   isbn =      {9780521190657; 0521190657},
   year =      {2012},
   series =    {Cambridge texts in biomedical engineering},
   edition =   {Repr},
   url =       {libgen.li/file.php?md5=68373ec892e2f900a1fb3828df50b7f0}}
@book{guy,
   title =     {An introduction to the principles of medical imaging},
   author =    {Chris Guy and Dominic Ffytche},
   publisher = {Imperial College Press; Distributed by World Scientific Pub},
   isbn =      {1860945023; 9781860945021; 9781860947469; 1860947468},
   year =      {2005},
   edition =   {Rev. ed},
   url =       {libgen.li/file.php?md5=25c9fb31c8dd1193a52b444f8917c1be}}
@book{bush,
   title =     {The Essential Physics of Medical Imaging},
   author =    {Jerrold T. Bushberg and J. Anthony Seibert and Edwin M. Leidholdt Jr. and John M. Boone},
   publisher = {LIPPINCOTT WILLIAMS \& WILKINS},
   isbn =      {9780781780575; 0781780578},
   year =      {2011},
   edition =   {3},
   url =       {libgen.li/file.php?md5=418c8e0f704604ca8250fb482a5a40db}
   }


@book{andre,
    author = "André Aurengo and Thierry Petitclerc", 
    year = 2008,
    title = "Biofísica",
    publisher = "{McGRAW-HILL}",
    edition = 3,
    address = "Madrid, España",
    language = {spanish}
    }

@book{hilger,
   title =     {The Physics of medical imaging},
   author =    {S. Webb},
   publisher = {Hilger},
   isbn =      {9780852743492,0852743491,0852743610},
   year =      {1988},
   series =    {Medical science series},
   edition =   {1},
   volume =    {},
   url =       {http://gen.lib.rus.ec/book/index.php?md5=c1cbfb27eb1442e12d88c49a4df8a94d}
}







@book{keeler,
   title =     {Understanding NMR Spectroscopy},
   author =    {James Keeler},
   publisher = {Wiley},
   isbn =      {0470017872; 9780470017876},
   year =      {2005},
   edition =   {1st edition},
   url =       {libgen.li/file.php?md5=f8b7fa7221956d42874781559d5bde0a}}





@book{tipler,
   title =     {Modern Physics},
   author =    {Paul A. Tipler, Ralph Llewellyn},
   publisher = {W. H. Freeman},
   isbn =      {142925078X; 9781429250788},
   year =      {2012},
   edition =   {6},
   url =       {libgen.li/file.php?md5=289578161afa03f1ca0a59a86e0a1dda}}



@Misc{espin1,
    Author  = {{MRI Questions}},
    howpublished = {\url{http://mriquestions.com/gyromagnetic-ratio-gamma.html}},
    Title   = "Gyromagnetic Ratio $\gamma$: What is the gyromagnetic ratio ($\gamma$)? ",
    year    = 2021}





@book{malcolm,
   title =     {Spin dynamics: basics of nuclear magnetic resonance},
   author =    {Malcolm H. Levitt},
   publisher = {Wiley},
   isbn =      {0470511184; 9780470511183; 9780470517123; 0470517123},
   year =      {2008},
   edition =   {2},
   url =       {libgen.li/file.php?md5=f4bfc3ddeeb93c63b427cafc248aa1d1}}
   
   @book{gs,
   title =     {Handbook of MRI Pulse Sequences},
   publisher = {ELSEVIER ACADEMIC PRESS },
   author =    {Matt A. Bernstein, Kevin F. King, Xiaohong Joe Zhou},
   isbn =      {0120928612; 9780120928613; 9780080533124; 0080533124},
   year =      {2004},
   edition =   {1},
   url =       {libgen.li/file.php?md5=f44aa010ec15c2fb0d0a67ddba34b3b7}}
   
   @book{atkins,
   title =     {Molecular Quantum Mechanics},
   author =    {Peter Atkins, Ronald Friedman},
   publisher = {Oxford University Press, USA},
   isbn =      {9780199274987; 0199274983},
   year =      {2005},
   edition =   {4},
   url =       {libgen.li/file.php?md5=13485ce4be2e7f938da7e6bb5f5b4635}}
@Misc{ns,
    Author  = {{LibreTexts}},
    howpublished = {\url{https://chem.libretexts.org/Bookshelves/Physical_and_Theoretical_Chemistry_Textbook_Maps/Supplemental_Modules_(Physical_and_Theoretical_Chemistry)/Spectroscopy/Magnetic_Resonance_Spectroscopies/Nuclear_Magnetic_Resonance/NMR_-_Theory}},
    Title   = {{NMR - Theory}},
    year    = 2020}

@Misc{espin,
    Author  = {{LibreTexts}},
    howpublished = {\url{https://espanol.libretexts.org/Quimica/Libro\%3A_Quimica_Organica_con_enfasis_Biologico_(Soderberg)/05\%3A_Determinacion_de_estructura_parte_ll/5.1\%3A_El_origen_de_la_se\%C3\%B1al_NMR}},
    Title   = {{El origen de la señal NMR}},
    year    = 2020}

@book{krane,
   title =     {Introductory nuclear physics},
   author =    {Kenneth S. Krane},
   publisher = {Wiley},
   isbn =      {047180553X; 9780471805533},
   year =      {1987},
   series =    {Wiley International Editions},
   edition =   {1},
   url =       {libgen.li/file.php?md5=01ef77390c4f90ac8c32b5bab2fefc4c}}


@book{irm,
   title =     {Monografía SERAM: Aprendiendo los fundamentos de la resonancia magnética },
   author =    {{Sociedad Española de Radiología Médica}},
   publisher = {Editorial Médica Panamericana},
   isbn =      {8479038993; 9788479038991},
   year =      {2007},
   series =    {Monografías SERAM},
   url =       {libgen.li/file.php?md5=62e76c4582d66e6ae514e936fa013fba}}

@book{hore,
   title =     {Nuclear Magnetic Resonance},
   author =    {Peter John Hore},
   publisher = {Oxford University Press},
   isbn =      {9780198556824; 0198556829},
   year =      {1995},
   series =    {Oxford Chemistry Primers 32},
   url =       {libgen.li/file.php?md5=277ed8111451da034fc936f19e2901d6}}

@book{macomber,
   title =     {Complete Introduction to Nuclear Magnetic Resonance and NMR Spectroscopy},
   author =    {Roger S. Macomber},
   publisher = {Wiley-Interscience},
   isbn =      {0471157368; 9780471157366},
   year =      {1997},
   edition =   {1st},
   url =       {libgen.li/file.php?md5=239ca3d67095d90122e12838e68aa2cd}}






@Misc{VS,
    Author  = "Jhon Cores and Thomas G Caranasos and Ke Cheng",
    howpublished = {\url{https://www.researchgate.net/publication/279731327_Magnetically_Targeted_Stem_Cell_Delivery_for_Regenerative_Medicine}},
    Title   = "Magnetically Targeted Stem Cell Delivery for Regenerative Medicine",
    year    = 2015}

@Misc{efecto,
    Author  = "Marvin C. Ziskin",
    howpublished = {\url{https://pubs.rsna.org/doi/pdf/10.1148/radiographics.13.3.8316679}},
    Title   = "Fundamental Physics of Ultrasound and Its Propagation in Tissue",
    year    = 1993}



@Misc{wave,
    Author  = {{Encyclopædia Britannica}},
    howpublished = {\url{https://kids.britannica.com/students/assembly/view/53868}},
    Title   = "Waves",
    year    = 2021,
    language = {spanish}}






@book{peter,
    author = "Peter Hoskins and Kevin Martin and Abigail Thrush", 
    year = 2010,
    title = "Diagnostic Ultrasound, Physics and Equipment",
    publisher = "{Cambridge University Press}",
    edition = 2,
    address = "New York",
    language = {spanish}
    }



    
    


@Article{kirstein,
    Author         = "Elliot M. Kirstein and Ahmed Elsheikh and Pinakin Gunvant",
    Title          = "Tonometry – Past, Present and Future",
    Note        = "See discussions, stats, and author profiles for this publication at: \url{https://www.researchgate.net/publication/221919419}",
    year           = 2011,
    language = {spanish}
    }

@Article{hennig,
    Author         = "Ewald M. Hennig",
    Title          = "Integration of commercial pressure measurement technologies",
    Journal        = "Academic Press",
    Volume         = 54,
    Pages          = "699--708",
    year           = 2019,
    language = {spanish}
    }


